@article{boroshammer,
    author = {Endre Boros, Peter L. Hammer},
    doi = {10.1016/S0166-218X(01)00341-9},
    year = {2002},
    title = {Pseudo-Boolean optimization},
    volume = {123},
    pages = {155-225},
    journal = {Discrete Applied Mathematics}
}
